<collection xmlns="http://www.loc.gov/MARC21/slim">
<record>
  <leader>00724nam0a22001331i 450 </leader>
  <controlfield tag="001">IT\ICCU\CNCE\060643</controlfield>
  <controlfield tag="005">20050701000000.0</controlfield>
  <datafield tag="100" ind1=" " ind2=" ">
    <subfield code="a">20050701d1585        0itac0103    ba</subfield>
  </datafield>
  <datafield tag="101" ind1=" " ind2=" ">
    <subfield code="a">LAT</subfield>
  </datafield>
  <datafield tag="102" ind1=" " ind2=" ">
    <subfield code="a">IT</subfield>
  </datafield>
  <datafield tag="200" ind1="1" ind2=" ">
    <subfield code="a">Decisiones r.p.d. Iacobi Putei, Sacri Palatii Apostolici causarum auditoris, et S.R.E. cardinalis. Ex causis tam per ipsum, quam per alios d. auditores Rotae, in eodem sacro Palatio relatis ... summa cura, singularique industria collectae, &amp; in tres libros diuisae. Hac nouissima editione reuisae, recognitae, restitutae erroribusque, quibus scatebant, expurgatae, summarijs, &amp; indice locupletatae</subfield>
  </datafield>
  <datafield tag="210" ind1=" " ind2=" ">
    <subfield code="a">Venetiis</subfield>
    <subfield code="c">apud Franciscum Zilettum</subfield>
    <subfield code="d">1585</subfield>
  </datafield>
  <datafield tag="215" ind1=" " ind2=" ">
    <subfield code="a">\152!, 790, \2! p.</subfield>
    <subfield code="d">4ʻ</subfield>
  </datafield>
  <datafield tag="801" ind1=" " ind2="3">
    <subfield code="a">IT</subfield>
    <subfield code="b">ICCU</subfield>
    <subfield code="c">20201115</subfield>
  </datafield>
</record>
</collection>
